
@manual{AVTFamilyMan,
	title = "Big Family",
	organization = "Allied Vision Technologies"
}

@manual{AVTGE4900Man,
	title = "Prosilica GE4900 Datasheet",
	organization = "Allied Vision Technologies",
	edition = "v2.0.1 en"
}

@manual{ECAMC50Man,
	title = "ECAM-C50",
	organization = "Malin Space Science Systems"
}


@manual{ECAMDVR4Man,
	title = "ECAM-DVR4",
	organization = "Malin Space Science Systems"
}

@manual{ECAMIR1Man,
	title = "ECAM-IR1",
	organization = "Malin Space Science Systems"
}

@manual{LOGIMan,
	title = "The 'LOGI' Log Periodic Antenna",
	organization = "Ramsey Electronics"
}

@manual{ECAMXFOVMan,
	title = "ECAM Optics",
	organization = "Malin Space Science Systems"
}

@inproceedings{BALLLIDAR,
	title = "Flash Lidar Systems For Hazard Detection, Surface Navigation And Autonomous Rendezvous And Docking",
	author = "J.D. Weinberg and R. Craig and P. Earhart and I. Gravseth and K.L. Miller",
	organization = "Ball Aerospace \& Technologies Corp.",
	pages = "1",
	year = "2007"
}

@inbook{SMAD,
	editor = "James R. Wertz and Wiley J. Larson",
	title = "Space Mission Analysis and Design",
	publisher = "Microcosm Press and Springer",
	year = "2008",
	edition = "3rd",
	pages = "301--497, 894--897"
}

@inbook{SPACEFLIGHTBOOK,
	editor = "Jorgen Jensen and George Townsend",
	//author = "Donald Kraft and Jyri Kork and Sidney Russak",
	title = "Orbital Flight Handbook, Part 1 - Basic Techniques and Data",
	series = "Space Flight Handbooks",
	volume = "1",
	publisher = "Martin Company Space Systems Division",
	organization = "NASA",
	year = "1967",
	pages = "V-52"
}

@manual{Falcon1e,
	title = "Falcon 1 Launch Vehicle Payload User's Guide",
	organization = "SpaceX",
	edition = "7th",
	month = "May",
	year = "2008"
}

@manual{Falcon9,
	title = "Falcon 9 Launch Vehicle Payload User's Guide",
	organization = "SpaceX",
	edition = "1st",
	year = "2009"
}

@inproceedings{solar,
	title = "{Solar Array Trades Between Very High-Efficiency Multi-Junction and Si Space Solar Cells}",
	author = "Navid S. Fatemi and Howard E. Pollard and Hong Q. Hou and Paul R. Sharps",
	organization = "Emcore Photovoltaics",
	puplisher = "IEEE PSVC",
	month = "September",
	year = "2003",
	pages = "2--3"
}

@manual{M50CMG,
	title = "M50 Controll Moment Gyroscope",
	organization = "Honeywell",
	edition = "7th",
	month = "January",
	year = "2006"
}

@inbook{SNUG50,
	title = "Space Network User's Guide",
	pages = "35--257, 317--327, 365--389",
	publisher = "NASA GSFC",
	year = "2007",
	month = "August",
	edition = "9th",
	number = "450-SNUG"
}

@article{SchallLaser, 
	author = "Wolfgang O. Schall",
	title = "Orbital Derbis Removal by Laser Radiation",
	journal = "Acta Astronuatica",
	year = "1991", 
	volume = "24",
	pages = "343-351"
}

@manual{FHLASER,
	title = "FH Series High Power Lasers",
	organization = "PRC Laser Corp",
	year = "2005"
}

@manual{KevlarProps,
	title = "Technical Guide Kevlar Aramid Fiber",
	organization = "Du Pont",
}

@techreport{NMPRisk,
	title = "Guidelines for Preparing Project Risk Management Plans",
	author = "John F. Stocky and Christopher M. Stevens",
	institution = "NASA",
	year = "2005",
}

@phdthesis{kevlar,
	title= "Mechanical Behavior of Silica Nanoparticle Impregnated Kevlar Fabrics",
	author= "Dong, Zhaoxu",
	year= 2008,
	school= "Purdue University"
}

@manual{impact,
	title = "Impact",
	author = "Mikhalaylovskiy, Yuriy, et al",
	note = "http://impact.sourceforge.net/"
}

@article{gmash,
	title = "Gmash: A Three Dimensional Finite Element Mesh Generator with Built-In Pre- and Post- Processing Facilities",
	author = "Geuzaine, Christophe and Remacle, Jean-Francois",
	year = 2009,
	journal = "International Journal for Numerical Methods in Engineering",
	volume = 79,
	number = 11,
	pages = "1309-1331"
}

@book{radarmatlab,
	title = "Radar Systems Analysis and Design Using MATLAB",
	author = "Bassem Mahafza",
	publisher = "Chapman and Hall",
	year = 2005,
}

@book{radarperf,
	title = "Radar Systems Performance Modeling",
	author = "G. Richard Curry",
	publisher = "Artech House Publishers",
	year = 2004
}

@book{radarsignal,
	title = "Fundamentals of Radar Signal Processing",
	author = "Mark A. Richards",
	publisher = "McGraw-Hill",
	year = 2005
}

@book{radarintro,
	title = "Introduction to Radar Systems",
	author = "Merrill Skolnik",
	publisher = "McGraw-Hill",
	year = 2002
}

@manual{esa1,
	title = "Sentinel-1",
	organization = "European Space Agency",
	note = {http://www.esa.int/esaLP/SEMBRS4KXMF\_LPgmes\_0.html}
}

@manual{esa2,
	title = "New Rdar Satellite Technique Sheds Light on Ocean Current Dynamics",
	organization = "European Space Agency",
	note = {http://www.esa.int/esaEO/SEMZRQEMKBF\_economy\_0.html}
}

@manual{dragoneye,
	title = "DragonEye 3D Flash LIDAR Space Camera",
	organization = "Advanced Scientific Concepts Inc",
	note = {http://advancedscientificconcepts.com/products/dragoneye.html}
}
